@inproceedings{CNNOffTheShelf,
	title = {{CNN} Features off-the-shelf: an Astounding Baseline for Recognition},
	author = {Ali Sharif Razavian and Hossein Azizpour and Josephine Sullivan and Stefan Carlsson},
	booktitle={CVPR},
	year={2014},
}

@inproceedings{TransferableFeaturesNN,
	title = {How transferable are features in deep neural networks?},
	author = {Jason Yosinski and Jeff Clune and Yoshua Bengio and Hod Lipson},
	booktitle={NIPS},
	year={2014},
}

@article{LSTM,
	title={Long Short-Term Memory},
	author={Sepp Hochreiter and Killough and J\"urgen Schmidhuber},
	journal={Neural Computation},
	volume={9},
	number={8},
	pages={1735-1780},
	year={1997},
	publisher={MIT Press}
}

@inproceedings{SpeakerAdaptation,
	title={On speaker adaptation of long short-term memory recurrent neural networks},
	author={Yajie Miao and Florian Metze},
	booktitle={Interspeech},
	year={2015}
}

@article{LSTMArchitecturesSurvey,
	title={LSTM: A Search Space Odyssey},
	author={Klaus Greff and Rupesh K. Srivastava and Jan Koutn\'{i}k and Bas R. Steunebrink and J\"urgen Schmidhuber},
	journal={IEEE Transactions on Neural Networks and Learning Systems},
	volume={28},
	number={10},
	pages={2222-2232},
	year={2017},
	publisher={IEEE}
}

@article{graves2013generating,
	title={Generating sequences with recurrent neural networks},
	author={Graves, Alex},
	journal={arXiv preprint arXiv:1308.0850},
	year={2013}
}

@InProceedings{Gutenberg,
	author    = {Lahiri, Shibamouli},
	title     = {{Complexity of Word Collocation Networks: A Preliminary Structural Analysis}},
	booktitle = {Proceedings of the Student Research Workshop at the 14th Conference of the European Chapter of the Association for Computational Linguistics},
	month     = {April},
	year      = {2014},
	address   = {Gothenburg, Sweden},
	publisher = {Association for Computational Linguistics},
	pages     = {96--105},
	url       = {http://www.aclweb.org/anthology/E14-3011}
}

@misc{KaggleLyrics,
	title = {55000+ Song Lyrics},
	author = {Sergey Kuznetsov},
	howpublished = {\url{https://www.kaggle.com/mousehead/songlyrics/home}}
}